This bibtex is for custom references such as web pages.

@misc{atom_wp,
  title = {Atom web page},
  howpublished = {https://atom.io/},
  note = {Accessed: 2017-04-02}
}

@misc{neovim_wp,
  title = {Neovim web page},
  howpublished = {https://neovim.io/},
  note = {Accessed: 2017-04-02}
}

@misc{atom_pp,
  title = {Atom project page on Github},
  howpublished = {https://github.com/atom/atom},
  note = {Accessed: 2017-04-02}
}

@misc{neovim_pp,
  title = {Neovim project page on Github},
  howpublished = {https://github.com/neovim/neovim},
  note = {Accessed: 2017-04-02}
}

@misc{neovim_wiki,
  title = {Neovim wiki on Github},
  howpublished = {https://github.com/neovim/neovim/wiki},
  note = {Accessed: 2017-04-02}
}
