@article{Noll2010,
author = {Noll, John and Liu, Wei-Ming},
doi = {10.1145/1833272.1833279},
file = {:Users/Filip/Documents/examensarbete/bachelor-thesis/report/references/Requirements Elicitation in Open Source Software Development- A Case Study.pdf:pdf},
isbn = {9781605589787},
journal = {Proceedings of the 3rd International Workshop on Emerging Trends in Free/Libre/Open Source Software Research and Development - FLOSS '10},
keywords = {[Electronic Manuscript],electronic health,electronic medical record,open source software,record,software requirements},
pages = {35--40},
title = {{Requirements elicitation in open source software development: a case study}},
url = {http://portal.acm.org/citation.cfm?doid=1833272.1833279},
year = {2010}
}
